<record><leader>00000cas a22000007a 4500</leader><controlfield tag="001">11936135</controlfield><controlfield tag="008">850418d18921896aluwr ne      0    0eng d</controlfield><datafield ind1=" " ind2=" " tag="010"><subfield code="a">sn 85044847 </subfield></datafield><datafield ind1=" " ind2=" " tag="040"><subfield code="a">AAA</subfield><subfield code="b">eng</subfield><subfield code="c">AAA</subfield><subfield code="d">CPN</subfield><subfield code="d">OCLCQ</subfield></datafield><datafield ind1=" " ind2=" " tag="042"><subfield code="a">msc</subfield></datafield><datafield ind1="0" ind2="4" tag="245"><subfield code="a">The Troy democrat.</subfield></datafield><datafield ind1=" " ind2=" " tag="260"><subfield code="a">Troy, Ala. :</subfield><subfield code="b">Andrews Bros.,</subfield><subfield code="c">1892-1896.</subfield></datafield><datafield ind1=" " ind2=" " tag="300"><subfield code="a">v. :</subfield><subfield code="b">ill. ;</subfield><subfield code="c">60 cm.</subfield></datafield><datafield ind1=" " ind2=" " tag="310"><subfield code="a">Weekly</subfield></datafield><datafield ind1="0" ind2=" " tag="362"><subfield code="a">Vol. 1, no. 1 (Feb. 13, 1892)-v. 5, no. 24 (Aug. 7, 1896).</subfield></datafield><datafield ind1=" " ind2=" " tag="752"><subfield code="a">United States</subfield><subfield code="b">Alabama</subfield><subfield code="c">Pike</subfield><subfield code="d">Troy.</subfield></datafield><datafield ind1="0" ind2="0" tag="785"><subfield code="t">Citizens' journal</subfield><subfield code="w">(DLC)sn 85044655</subfield></datafield></record>